**************************************************************
Cuestión 1
**************************************************************
@misc{yum,
  howpublished = {\url{https://access.redhat.com/documentation/en-US/Red_Hat_Enterprise_Linux/5/html/Deployment_Guide/s1-yum-useful-commands.html}},
  note = {Fecha de acceso: 28/10/2016}
}

@misc{yumproxy,
	howpublished = {\url{https://www.centos.org/docs/5/html/yum/sn-yum-proxy-server.html}},
	note = {Fecha de acceso: 28/10/2016}
}

@misc{yumrepo,
	howpublished = {\url{https://www.centos.org/docs/5/html/yum/sn-using-repositories.html}},
	note = {Fecha de acceso: 28/10/2016}
}

**************************************************************
Cuestión 2
**************************************************************
@misc{apt,
	howpublished = {\url{https://help.ubuntu.com/community/AptGet/Howto}},
	note = {Año de publicación/última edición: 2016 - Fecha de acceso: 28/10/2016}
}

@misc{aptrepo,
	howpublished = {\url{https://help.ubuntu.com/community/AptGet/Howto}},
	note = {Año de publicación/última edición: 2016 - Fecha de acceso: 28/10/2016}
}

**************************************************************
Cuestión 3
**************************************************************
@misc{ufw_puertos,
	howpublished = {\url{https://help.ubuntu.com/community/UFW}},
	note = {Año de publicación/última edición: 2015 - Fecha de acceso: 28/10/2016}
}

@misc{firewall-cmd_puertosRH,
	howpublished = {\url{https://access.redhat.com/documentation/en-US/Red_Hat_Enterprise_Linux/7/html/Security_Guide/sec-Using_Firewalls.html}},
	note = {Año de publicación/última edición: 2015 - Fecha de acceso: 28/10/2016}
}

@misc{firewall-cmd_puertosFedora,
	howpublished = {\url{https://fedoraproject.org/wiki/FirewallD?rd=FirewallD/}},
	note = {Año de publicación/última edición: 2015 - Fecha de acceso: 28/10/2016}
}

@misc{nmap,
	howpublished = {\url{https://nmap.org/book/man-port-scanning-basics.html}},
	note = {Fecha de acceso: 03/11/2016}
}

@misc{nmapcomandos,
	howpublished = {\url{https://nmap.org/book/man-port-scanning-techniques.html}},
	note = {Fecha de acceso: 03/11/2016}
}

**************************************************************
Cuestión 4
**************************************************************
@misc{telnet,
	howpublished = {\url{http://www.telnet.org/htm/faq.htm}},
	note = {Fecha de acceso: 29/10/2016}
}

@misc{openssh,
	howpublished = {\url{https://www.openssh.com/index.html}},
	note = {Fecha de acceso: 29/10/2016}
}

**************************************************************
Cuestión 5
**************************************************************
@misc{opensshman,
	howpublished = {\url{http://man.openbsd.org/ssh}},
	note = {Año de publicación/última edición: 2016 - Fecha de acceso: 29/10/2016}
}

**************************************************************
Cuestión 6
**************************************************************
@misc{sshwithoutpswcentos,
	howpublished = {\url{https://wiki.centos.org/HowTos/Network/SecuringSSH}},
	note = {Año de publicación/última edición: 2015 - Fecha de acceso: 29/10/2016}
}

@misc{sshwithoutpswdebian,
	howpublished = {\url{https://debian-administration.org/article/152/Password-less_logins_with_OpenSSH}},
	note = {Año de publicación/última edición: 2005 - Fecha de acceso: 29/10/2016}
}

**************************************************************
Cuestión 7
**************************************************************
@misc{opensshconfigman,
	howpublished = {\url{http://man.openbsd.org/sshd_config}},
	note = {Año de publicación/última edición: 2016 - Fecha de acceso: 29/10/2016}
}

**************************************************************
Cuestión 8
**************************************************************
@misc{restartubuntu,
	howpublished = {\url{http://manpages.ubuntu.com/manpages/precise/man8/service.8.html}},
	note = {Año de publicación/última edición: 2006 - Fecha de acceso: 29/10/2016}
}

@misc{restartcentos,
	howpublished = {\url{https://access.redhat.com/documentation/en-US/Red_Hat_Enterprise_Linux/7/html/System_Administrators_Guide/sect-Managing_Services_with_systemd-Services.html}},
	note = {Fecha de acceso: 29/10/2016}
}

**************************************************************
Cuestión 9
**************************************************************
@misc{apache2ubuntu,
	howpublished = {\url{https://help.ubuntu.com/lts/serverguide/httpd.html}},
	note = {Fecha de acceso: 29/10/2016}
}

@misc{mysqlubuntu,
	howpublished = {\url{https://help.ubuntu.com/12.04/serverguide/mysql.html}},
	note = {Fecha de acceso: 29/10/2016}
}

@misc{phpubuntu,
	howpublished = {\url{https://help.ubuntu.com/community/ApacheMySQLPHP#Installing_PHP_5}},
	note = {Año de publicación/última edición: 2015 - Fecha de acceso: 29/10/2016}
}

@misc{webcentos,
	howpublished = {\url{https://www.digitalocean.com/community/tutorials/how-to-install-linux-apache-mysql-php-lamp-stack-on-centos-7}},
	note = {Año de publicación/última edición: 2015 - Fecha de acceso: 29/10/2016}
}

**************************************************************
Cuestión 11
**************************************************************
@misc{patch,
	howpublished = {\url{http://fedoraproject.org/wiki/VMWare}},
	note = {Año de publicación/última edición: 2015 - Fecha de acceso: 30/10/2016}
}

@misc{manpatch,
	howpublished = {\url{https://linux.die.net/man/1/patch}},
	note = {Año de publicación/última edición: 2015 - Fecha de acceso: 30/10/2016}
}

**************************************************************
Cuestión 12
**************************************************************
@misc{webmin,
	howpublished = {\url{http://webmin.com/deb.html}},
	note = {Fecha de acceso: 30/10/2016}
}

@misc{webminfaq,
	howpublished = {\url{http://www.webmin.com/faq.html}},
	note = {Fecha de acceso: 30/10/2016}
}

**************************************************************
Cuestión 13
**************************************************************
@misc{phpmyadminubuntu,
	howpublished = {\url{https://help.ubuntu.com/lts/serverguide/phpmyadmin.html}},
	note = {Fecha de acceso: 30/10/2016}
}

@misc{phpmyadminubuntuwiki,
	howpublished = {\url{https://help.ubuntu.com/community/phpMyAdmin}},
	note = {Año de publicación/última edición: 2015 - Fecha de acceso: 30/10/2016}
}

@misc{phpmyadfilesize,
	howpublished = {\url{https://phpmyadmin.readthedocs.io/en/latest/faq.html}},
	note = {Fecha de acceso: 30/10/2016}
}

**************************************************************
Cuestión 14
**************************************************************
@misc{parallelsplesk,
	howpublished = {\url{https://www.plesk.com/}},
	note = {Fecha de acceso: 04/11/2016}
}

**************************************************************
Cuestión 15
**************************************************************
@misc{mansed,
	howpublished = {\url{https://linux.die.net/man/1/sed}},
	note = {Fecha de acceso: 31/10/2016}
}

**************************************************************
Cuestión 17
**************************************************************
@misc{ps,
	howpublished = {\url{https://technet.microsoft.com/en-us/library/ff714569.aspx}},
	note = {Fecha de acceso: 01/11/2016}
}

**************************************************************
Cuestión Opcional 1
**************************************************************
@misc{screen,
	howpublished = {\url{http://ss64.com/bash/screen.html}},
	note = {Fecha de acceso: 07/11/2016}
}

**************************************************************
Cuestión Opcional 2
**************************************************************
@misc{fail2ban,
	howpublished = {\url{http://www.fail2ban.org/wiki/index.php/Main_Page}},
	note = {Fecha de acceso: 05/11/2016}
}

@misc{fail2bandigitalocean,
	howpublished = {\url{https://www.digitalocean.com/community/tutorials/how-to-protect-ssh-with-fail2ban-on-ubuntu-14-04}},
	note = {Año de publicación/última edición: 2014 - Fecha de acceso: 05/11/2016}
}

**************************************************************
Cuestión Opcional 3
**************************************************************
@misc{rkhunter,
	howpublished = {\url{http://rkhunter.sourceforge.net/}},
	note = {Fecha de acceso: 06/11/2016}
}

**************************************************************
Cuestión Opcional 4
**************************************************************
@misc{apachetomcat,
	howpublished = {\url{http://tomcat.apache.org/}},
	note = {Fecha de acceso: 06/11/2016}
}

@misc{apachetomcatinstalacion,
	howpublished = {\url{https://tomcat.apache.org/tomcat-7.0-doc/appdev/installation.html}},
	note = {Año de publicación/última edición: 2016 - Fecha de acceso: 06/11/2016}
}

@misc{apachetomcatmanager,
	howpublished = {\url{https://tomcat.apache.org/tomcat-7.0-doc/manager-howto.html}},
	note = {Año de publicación/última edición: 2016 - Fecha de acceso: 06/11/2016}
}

**************************************************************
Cuestión Opcional 5
**************************************************************
@misc{mongodb,
	howpublished = {\url{https://docs.mongodb.com/v3.2/tutorial/install-mongodb-on-red-hat/}},
	note = {Fecha de acceso: 06/11/2016}
}