**************************************************************
Cuestión 1
**************************************************************
@misc{apthistory,
	howpublished = {\url{https://help.ubuntu.com/community/ListInstalledPackagesByDate}},
	note = {Año de publicación/última edición: 2014 - Fecha de acceso: 17/11/2016}
}
@misc{logrotate,
	howpublished = {\url{https://linux.die.net/man/8/logrotate}},
	note = {Fecha de acceso: 17/11/2016}
}
**************************************************************
Cuestión 2
**************************************************************
@misc{crontab,
	howpublished = {\url{https://linux.die.net/man/1/crontab}},
	note = {Fecha de acceso: 17/11/2016}
}
**************************************************************
Cuestión 6
**************************************************************
@misc{munin,
	howpublished = {\url{http://demo.munin-monitoring.org/munin-monitoring.org/index.html}},
	note = {Fecha de acceso: 20/11/2016}
}
**************************************************************
Cuestión 7
**************************************************************
@misc{strace,
	howpublished = {\url{http://blog.softlayer.com/2013/sysadmin-tips-and-tricks-using-strace-to-monitor-system-calls#utm_source=twitter&utm_medium=social&utm_content=beyond-the-command-line-with-strace&utm_campaign=blog_development-tips-and-tricks}},
	note = {Fecha de acceso: 21/11/2016}
}
**************************************************************
Cuestión 8
**************************************************************
@misc{cprofile,
	howpublished = {\url{http://docs.python.org/2/library/profile.html}},
	note = {Fecha de acceso: 21/11/2016}
}
**************************************************************
Cuestión 9
**************************************************************
@misc{mysql,
	howpublished = {\url{http://dev.mysql.com/doc/refman/5.7/en/show-profiles.html}},
	note = {Fecha de acceso: 21/11/2016}
}
@misc{mysql2,
	howpublished = {\url{http://dev.mysql.com/doc/refman/5.7/en/show-profile.html}},
	note = {Fecha de acceso: 21/11/2016}
}

@misc{profilermysql,
	howpublished = {\url{https://dev.mysql.com/doc/refman/5.7/en/query-cache-thread-states.html}},
	note = {Fecha de acceso: 23/11/2016}
}
**************************************************************
Cuestión Opcional 1
**************************************************************
@misc{raid,
	howpublished = {\url{https://raid.wiki.kernel.org/index.php/Detecting,_querying_and_testing}},
	note = {Fecha de acceso: 23/11/2016}
}
**************************************************************
Cuestión Opcional 2
**************************************************************
@misc{nagios,
	howpublished = {\url{https://assets.nagios.com/downloads/nagiosxi/docs/XI_Manual_Installation_Instructions.pdf#_ga=1.242062663.413415278.1479885662}},
	note = {Fecha de acceso: 23/11/2016}
}
@misc{nagios2,
	howpublished = {\url{https://library.nagios.com/library/products/nagios-xi/tutorials/nagios-xi-web-interface-setup-guide/}},
	note = {Fecha de acceso: 23/11/2016}
}
**************************************************************
Cuestión Opcional 4
**************************************************************
@misc{zabbix,
	howpublished = {\url{https://www.digitalocean.com/community/tutorials/how-to-install-zabbix-on-ubuntu-configure-it-to-monitor-multiple-vps-servers}},
	note = {Fecha de acceso: 23/11/2016}
}
**************************************************************
Cuestión Opcional 5
**************************************************************
@misc{cacti,
	howpublished = {\url{http://www.cacti.net/download_cacti.php}},
	note = {Fecha de acceso: 23/11/2016}
}
@misc{cacti_paquetes,
	howpublished = {\url{http://www.cacti.net/downloads/docs/html/install_unix.html}},
	note = {Fecha de acceso: 28/11/2016}
}
@misc{cacti_mysql,
	howpublished = {\url{http://www.cacti.net/downloads/docs/html/unix_configure_cacti.html}},
	note = {Fecha de acceso: 28/11/2016}
}
**************************************************************
Cuestión Opcional 6
**************************************************************
@misc{awstats,
	howpublished = {\url{http://www.awstats.org/}},
	note = {Fecha de acceso: 29/11/2016}
}
@misc{awstats_instalacion,
	howpublished = {\url{https://help.ubuntu.com/community/AWStats}},
	note = {Año de publicación/última edición: 2015 - Fecha de acceso: 29/11/2016}
}
**************************************************************
Cuestión Opcional 10
**************************************************************
@misc{profiler_powershell,
	howpublished = {\url{https://gallery.technet.microsoft.com/Powershell-script-profiler-4382ffad}},
	note = {Fecha de acceso: 29/11/2016}
}
@misc{net_framework,
	howpublished = {\url{https://www.microsoft.com/es-es/download/details.aspx?id=17718}},
	note = {Fecha de acceso: 29/11/2016}
}
@misc{poshprofiler,
	howpublished = {\url{https://poshprofiler.codeplex.com/}},
	note = {Fecha de acceso: 01/12/2016}
}
**************************************************************
Cuestión Opcional 11
**************************************************************
@misc{mongodb_profiler,
	howpublished = {\url{http://docs.mongodb.org/manual/tutorial/manage-the-database-profiler/}},
	note = {Fecha de acceso: 30/11/2016}
}
