**************************************************************
**************************************************************
**************************************************************
Práctica 1
**************************************************************
**************************************************************
**************************************************************

**************************************************************
Cuestión Opcional 1
**************************************************************

@misc{comprobarRAID,
	howpublished = {\url{https://raid.wiki.kernel.org/index.php/Detecting,_querying_and_testing#Simulating_a_drive_failure}},
	note = {Fecha: 2011 - Fecha de acceso: 15/10/2016}
}

**************************************************************
Cuestión Opcional 2
**************************************************************

@misc{bashemacs,
	howpublished = {\url{https://www.gnu.org/software/bash/manual/html_node/The-Set-Builtin.html}},
	note = {Fecha de acceso: 12/10/2016}
}

@misc{vi,
	howpublished = {\url{http://www.ibm.com/developerworks/ssa/linux/library/l-lpic1-v3-103-8/}},
	note = {Fecha: 2010 - Fecha de acceso: 18/10/2016}
}

**************************************************************
**************************************************************
**************************************************************
Práctica 2
**************************************************************
**************************************************************
**************************************************************

**************************************************************
Cuestión Opcional 1
**************************************************************
@misc{screen,
	howpublished = {\url{http://ss64.com/bash/screen.html}},
	note = {Fecha de acceso: 07/11/2016}
}

**************************************************************
Cuestión Opcional 2
**************************************************************
@misc{fail2ban,
	howpublished = {\url{http://www.fail2ban.org/wiki/index.php/Main_Page}},
	note = {Fecha de acceso: 05/11/2016}
}

@misc{fail2bandigitalocean,
	howpublished = {\url{https://www.digitalocean.com/community/tutorials/how-to-protect-ssh-with-fail2ban-on-ubuntu-14-04}},
	note = {Año de publicación/última edición: 2014 - Fecha de acceso: 05/11/2016}
}

**************************************************************
Cuestión Opcional 3
**************************************************************
@misc{rkhunter,
	howpublished = {\url{http://rkhunter.sourceforge.net/}},
	note = {Fecha de acceso: 06/11/2016}
}

**************************************************************
Cuestión Opcional 4
**************************************************************
@misc{apachetomcat,
	howpublished = {\url{http://tomcat.apache.org/}},
	note = {Fecha de acceso: 06/11/2016}
}

@misc{apachetomcatinstalacion,
	howpublished = {\url{https://tomcat.apache.org/tomcat-7.0-doc/appdev/installation.html}},
	note = {Año de publicación/última edición: 2016 - Fecha de acceso: 06/11/2016}
}

@misc{apachetomcatmanager,
	howpublished = {\url{https://tomcat.apache.org/tomcat-7.0-doc/manager-howto.html}},
	note = {Año de publicación/última edición: 2016 - Fecha de acceso: 06/11/2016}
}

**************************************************************
Cuestión Opcional 5
**************************************************************
@misc{mongodb,
	howpublished = {\url{https://docs.mongodb.com/v3.2/tutorial/install-mongodb-on-red-hat/}},
	note = {Fecha de acceso: 30/11/2016}
}

**************************************************************
**************************************************************
**************************************************************
Práctica 3
**************************************************************
**************************************************************
**************************************************************

**************************************************************
Cuestión Opcional 1
**************************************************************
@misc{raid,
	howpublished = {\url{https://raid.wiki.kernel.org/index.php/Detecting,_querying_and_testing}},
	note = {Fecha de acceso: 23/11/2016}
}
**************************************************************
Cuestión Opcional 2
**************************************************************
@misc{nagios,
	howpublished = {\url{https://assets.nagios.com/downloads/nagiosxi/docs/XI_Manual_Installation_Instructions.pdf#_ga=1.242062663.413415278.1479885662}},
	note = {Fecha de acceso: 23/11/2016}
}
@misc{nagios2,
	howpublished = {\url{https://library.nagios.com/library/products/nagios-xi/tutorials/nagios-xi-web-interface-setup-guide/}},
	note = {Fecha de acceso: 23/11/2016}
}
**************************************************************
Cuestión Opcional 4
**************************************************************
@misc{zabbix,
	howpublished = {\url{https://www.digitalocean.com/community/tutorials/how-to-install-zabbix-on-ubuntu-configure-it-to-monitor-multiple-vps-servers}},
	note = {Fecha de acceso: 23/11/2016}
}
**************************************************************
Cuestión Opcional 5
**************************************************************
@misc{cacti,
	howpublished = {\url{http://www.cacti.net/download_cacti.php}},
	note = {Fecha de acceso: 23/11/2016}
}
@misc{cacti_paquetes,
	howpublished = {\url{http://www.cacti.net/downloads/docs/html/install_unix.html}},
	note = {Fecha de acceso: 28/11/2016}
}
@misc{cacti_mysql,
	howpublished = {\url{http://www.cacti.net/downloads/docs/html/unix_configure_cacti.html}},
	note = {Fecha de acceso: 28/11/2016}
}
**************************************************************
Cuestión Opcional 6
**************************************************************
@misc{awstats,
	howpublished = {\url{http://www.awstats.org/}},
	note = {Fecha de acceso: 29/11/2016}
}
@misc{awstats_instalacion,
	howpublished = {\url{https://help.ubuntu.com/community/AWStats}},
	note = {Año de publicación/última edición: 2015 - Fecha de acceso: 29/11/2016}
}
**************************************************************
Cuestión Opcional 10
**************************************************************
@misc{profiler_powershell,
	howpublished = {\url{https://gallery.technet.microsoft.com/Powershell-script-profiler-4382ffad}},
	note = {Fecha de acceso: 29/11/2016}
}
@misc{net_framework,
	howpublished = {\url{https://www.microsoft.com/es-es/download/details.aspx?id=17718}},
	note = {Fecha de acceso: 29/11/2016}
}
@misc{poshprofiler,
	howpublished = {\url{https://poshprofiler.codeplex.com/}},
	note = {Fecha de acceso: 01/12/2016}
}
**************************************************************
Cuestión Opcional 11
**************************************************************
@misc{mongodb_profiler,
	howpublished = {\url{http://docs.mongodb.org/manual/tutorial/manage-the-database-profiler/}},
	note = {Fecha de acceso: 30/11/2016}
}

**************************************************************
**************************************************************
**************************************************************
Práctica 4
**************************************************************
**************************************************************
**************************************************************

**************************************************************
Cuestión Opcional 1
**************************************************************
@misc{scala,
	howpublished = {\url{https://www.scala-lang.org/what-is-scala.html}},
	note = {Fecha de acceso: 14/12/2016}
}
@misc{gatling,
	howpublished = {\url{http://gatling.io/#/}},
	note = {Fecha de acceso: 14/12/2016}
}
@misc{gatling_download,
	howpublished = {\url{http://gatling.io/#/resources/download}},
	note = {Fecha de acceso: 14/12/2016}
}
