Cuestión 1

@misc{VirtualizacionOracle,
  howpublished = {\url{https://docs.oracle.com/cd/E27300_01/E27309/html/vmusg-vm-modes.html}},
  note = {Fecha 2011, 2012, 2013. - Fecha de acceso: 21/10/2016}
}

@misc{VirtualizacionRH,
	howpublished = {\url{https://access.redhat.com/documentation/en-US/Red_Hat_Enterprise_Linux/5/html/Virtualization/pr01s05.html}},
	note = {Fecha: 2016 - Fecha de acceso: 21/10/2016}
}

Cuestión 2

@misc{HostaliaVPS,
	howpublished = {\url{http://www.hostalia.com/vps/}},
	note = {Fecha de acceso: 09/10/2016}
}

@misc{RoseHostingVPS,
	howpublished = {\url{https://www.rosehosting.com/linux-vps-hosting.html}},
	note = {Fecha de acceso: 16/10/2016}
}

@misc{BluehostVPS,
	howpublished = {\url{https://www.bluehost.com/vps}},
	note = {Fecha de acceso: 16/10/2016}
}

@misc{DinahostingNoAdministrado,
	howpublished = {\url{https://dinahosting.com/dedicados/servidores-no-administrados}},
	note = {Fecha de acceso: 09/10/2016}
}

@misc{RubinhostNoAdministrado,
	howpublished = {\url{https://www.rubinhost.com/servidores-dedicados-no-administrados}},
	note = {Fecha de acceso: 16/10/2016}
}

@misc{NominaliaNoAdministrado,
	howpublished = {\url{http://www.nominalia.com/server/serverded.html}},
	note = {Fecha de acceso: 16/10/2016}
}

@misc{DinahostingAdministrado,
	howpublished = {\url{https://dinahosting.com/dedicados/servidores-administrados}},
	note = {Fecha de acceso: 09/10/2016}
}

@misc{RubinhostAdministrado,
	howpublished = {\url{https://www.rubinhost.com/servidores-dedicados-administrados}},
	note = {Fecha de acceso: 16/10/2016}
}

@misc{AxarnetAdminitrado,
	howpublished = {\url{https://www.axarnet.es/servidores-dedicados/}},
	note = {Fecha de acceso: 16/10/2016}
}

Cuestión 3

@misc{DiferenciasWindowsServer,
	howpublished = {\url{https://www.microsoft.com/en-us/cloud-platform/windows-server-comparison}},
	note = {Fecha de acceso: 09/10/2016}
}

@misc{WindowsServerNano,
	howpublished = {\url{https://technet.microsoft.com/en-us/windows-server-docs/get-started/getting-started-with-nano-server}},
	note = {Fecha: 2016 - Fecha de acceso: 09/10/2016}
}

Cuestión 4

@misc{MASSUbuntu,
	howpublished = {\url{https://www.ubuntu.com/cloud/maas}},
	note = {Fecha de acceso: 09/10/2016}
}

@misc{MASS,
	howpublished = {\url{http://maas.io/}},
	note = {Fecha de acceso: 09/10/2016}
}

@misc{Landscape,
	howpublished = {\url{https://landscape.canonical.com/}},
	note = {Fecha de acceso: 09/10/2016}
}

Cuestión 5

@misc{CentOS,
	howpublished = {\url{https://www.centos.org/about/}},
	note = {Fecha de acceso: 09/10/2016}
}

@misc{CentOSFedora,
	howpublished = {\url{https://lists.centos.org/pipermail/centos-announce/2014-January/020100.html}},
	note = {Fecha: 2014 - Fecha de acceso: 09/10/2016}
}

@misc{RHFedora,
	howpublished = {\url{https://access.redhat.com/articles/4967}},
	note = {Fecha: 2012 - Fecha de acceso: 21/10/2016}
}

Cuestión 6

@misc{RAIDSWHW,
	howpublished = {\url{https://access.redhat.com/documentation/en-US/Red_Hat_Enterprise_Linux/3/html/System_Administration_Guide/s1-raid-approaches.html}},
	note = {Fecha de acceso: 09/10/2016}
}

@misc{RAIDSWHW2,
	howpublished = {\url{http://www.dataonstorage.com/technology/102-hardware-raid-vs-software-raid.html}},
	note = {Fecha de acceso: 21/10/2016}
}


Cuestión 7

@misc{LVM,
	howpublished = {\url{http://tldp.org/HOWTO/LVM-HOWTO/whatislvm.html}},
	note = {Fecha de acceso: 21/10/2016}
}

@misc{LVMGamaBaja,
	howpublished = {\url{http://tldp.org/HOWTO/LVM-HOWTO/benefitsoflvmsmall.html}},
	note = {Fecha de acceso: 11/10/2016}
}

@misc{varWebServer,
	howpublished = {\url{https://httpd.apache.org/docs/trunk/getting-started.html}},
	note = {Fecha de acceso: 11/10/2016}
}

Cuestión 8

@misc{swap,
	howpublished = {\url{https://wiki.archlinux.org/index.php/disk_encryption}},
	note = {Fecha: 2016 - Fecha de acceso: 11/10/2016}
}

@misc{swap2,
	howpublished = {\url{https://www.freebsd.org/doc/handbook/swap-encrypting.html}},
	note = {Fecha de acceso: 11/10/2016}
}

@misc{boot,
	howpublished = {\url{http://docs.kali.org/installation/kali-linux-encrypted-disk-install}},
	note = {Fecha de acceso: 13/10/2016}
}

@misc{boot2,
	howpublished = {\url{http://docs.kali.org/wp-content/uploads/2013/01/partition-lvm-encrypted.png}},
	note = {Fecha de acceso: 13/10/2016}
}

Cuestión 9

@misc{ssd,
	howpublished = {\url{https://help.ubuntu.com/community/PartitioningSchemes}},
	note = {Fecha de acceso: 21/10/2016}
}

@misc{ssd2,
	howpublished = {\url{https://help.ubuntu.com/community/DiskSpace#More_Complex_Schemes}},
	note = {Fecha de acceso: 21/10/2016}
}

@misc{ReadonlyRoot,
	howpublished = {\url{https://wiki.debian.org/ReadonlyRoot}},
	note = {Fecha: 2015 - Fecha de acceso: 12/10/2016}
}

@misc{streaming,
	howpublished = {\url{https://ext4.wiki.kernel.org/index.php/Ext4_Howto}},
	note = {Fecha: 2015 - Fecha de acceso: 14/10/2016}
}

Cuestión 11

@misc{grubinstall,
	howpublished = {\url{http://manpages.ubuntu.com/manpages/trusty/man8/grub-install.8.html}},
	note = {Fecha de acceso: 14/10/2016}
}

Cuestión 12

@misc{instanciasWS2012,
	howpublished = {\url{http://download.microsoft.com/download/3/d/4/3d42bdc2-6725-4b29-b75a-a5b04179958b/windowsserver2012virtualtech_vlbrief.pdf}},
	note = {Cuidado: esta página descarga un pdf automáticamente. Fecha: 2013 - Fecha de acceso: 12/10/2016}
}

@misc{standardVSdataventer,
	howpublished = {\url{https://www.microsoft.com/en-us/download/details.aspx?id=41703}},
	note = {Hay que descargar un pdf para obtener la información. Fecha de acceso: 12/10/2016}
}

@misc{precioWS2012,
	howpublished = {\url{https://www.microsoft.com/en-us/licensing/product-licensing/windows-server-2012-r2.aspx}},
	note = {Fecha de acceso: 12/10/2016}
}

Cuestión 14

@misc{conexionesVMSW,
	howpublished = {\url{https://www.virtualbox.org/manual/ch06.html}},
	note = {Fecha de acceso: 12/10/2016}
}

Cuestión Opcional 1

@misc{comprobarRAID,
	howpublished = {\url{https://raid.wiki.kernel.org/index.php/Detecting,_querying_and_testing#Simulating_a_drive_failure}},
	note = {Fecha: 2011 - Fecha de acceso: 15/10/2016}
}

Cuestión Opcional 2

@misc{bashemacs,
	howpublished = {\url{https://www.gnu.org/software/bash/manual/html_node/The-Set-Builtin.html}},
	note = {Fecha de acceso: 12/10/2016}
}

@misc{vi,
	howpublished = {\url{http://www.ibm.com/developerworks/ssa/linux/library/l-lpic1-v3-103-8/}},
	note = {Fecha: 2010 - Fecha de acceso: 18/10/2016}
}
