**************************************************************
Cuesti贸n 1
**************************************************************
@misc{phoronix,
	howpublished = {\url{http://www.phoronix-test-suite.com/}},
	note = {Fecha de acceso: 02/12/2016}
}
@misc{openbenchmarking,
	howpublished = {\url{https://openbenchmarking.org/tests/pts}},
	note = {Fecha de acceso: 02/12/2016}
}
**************************************************************
Cuesti贸n 2
**************************************************************
@misc{ab-apache,
	howpublished = {\url{http://httpd.apache.org/docs/2.4/programs/ab.html}},
	note = {Fecha de acceso: 02/12/2016}
}
**************************************************************
Cuesti贸n 4
**************************************************************
@misc{jmeter,
	howpublished = {\url{http://jmeter.apache.org/usermanual/build-web-test-plan.html}},
	note = {Fecha de acceso: 02/12/2016}
}
**************************************************************
Cuesti贸n Opcional 1
**************************************************************
@misc{scala,
	howpublished = {\url{https://www.scala-lang.org/what-is-scala.html}},
	note = {Fecha de acceso: 14/12/2016}
}
@misc{gatling,
	howpublished = {\url{http://gatling.io/#/}},
	note = {Fecha de acceso: 14/12/2016}
}
@misc{gatling_download,
	howpublished = {\url{http://gatling.io/#/resources/download}},
	note = {Fecha de acceso: 14/12/2016}
}
