**************************************************************
Cuestión 1
**************************************************************
@misc{kernel,
	howpublished = {\url{https://access.redhat.com/documentation/en-US/Red_Hat_Enterprise_MRG/1.3/html/Realtime_Tuning_Guide/sect-Realtime_Tuning_Guide-General_System_Tuning-Setting_persistent_tuning_parameters.html}},
	note = {Fecha de acceso: 16/12/2016}
}
@misc{sysctl_man,
	howpublished = {\url{https://linux.die.net/man/8/sysctl}},
	note = {Fecha de acceso: 17/12/2016}
}
**************************************************************
Cuestión 2
**************************************************************
@misc{kernel_doc,
	howpublished = {\url{https://www.kernel.org/doc/Documentation/}},
	note = {Fecha de acceso: 17/12/2016}
}
@misc{net,
	howpublished = {\url{https://www.kernel.org/doc/Documentation/sysctl/net.txt}},
	note = {Fecha de acceso: 17/12/2016}
}
@misc{vm,
	howpublished = {\url{https://www.kernel.org/doc/Documentation/sysctl/vm.txt}},
	note = {Fecha de acceso: 17/12/2016}
}
**************************************************************
Cuestión 3
**************************************************************
@misc{registro_windows,
	howpublished = {\url{https://support.microsoft.com/en-us/kb/322756}},
	note = {Fecha de acceso: 17/12/2016}
}
**************************************************************
Cuestión 4
**************************************************************
@misc{moodle,
	howpublished = {\url{http://docs.moodle.org/23/en/Performance_recommendations}},
	note = {Fecha de acceso: 17/12/2016}
}
@misc{apachelounge,
	howpublished = {\url{https://www.apachelounge.com/}},
	note = {Fecha de acceso: 17/12/2016}
}
**************************************************************
Cuestión 5
**************************************************************
@misc{compresionISS,
	howpublished = {\url{https://technet.microsoft.com/en-us/library/60f3fa55-f005-496e-9d2f-cc4fc2732fce}},
	note = {Fecha de acceso: 18/12/2016}
}
@misc{curl,
	howpublished = {\url{https://curl.haxx.se/libcurl/c/CURLOPT_ACCEPT_ENCODING.html}},
	note = {Fecha de acceso: 18/12/2016}
}
@misc{curl2,
	howpublished = {\url{https://linux.die.net/man/1/curl}},
	note = {Fecha de acceso: 18/12/2016}
}
**************************************************************
Cuestión 6
**************************************************************
@misc{moodle_download,
	howpublished = {\url{https://download.moodle.org/releases/supported/}},
	note = {Fecha de acceso: 19/12/2016}
}
@misc{scp,
	howpublished = {\url{https://linux.die.net/man/1/scp}},
	note = {Fecha de acceso: 19/12/2016}
}
@misc{moodle_install,
	howpublished = {\url{https://docs.moodle.org/23/en/Installing_Moodle}},
	note = {Fecha de acceso: 19/12/2016}
}
@misc{php,
	howpublished = {\url{https://www.digitalocean.com/community/tutorials/how-to-upgrade-to-php-7-on-ubuntu-14-04}},
	note = {Año de publicación/última edición: 2015 - Fecha de acceso: 19/12/2016}
}